
@ARTICLE{Helling2008,
   author = {{Helling}, C. and {Woitke}, P. and {Thi}, W.-F.},
    title = "{Dust in brown dwarfs and extra-solar planets. I. Chemical composition and spectral appearance of quasi-static cloud layers}",
  journal = {\aap},
archivePrefix = "arXiv",
   eprint = {0803.4315},
 keywords = {stars: atmospheres, stars: low mass, brown dwarfs, methods: numerical, astrochemistry},
     year = 2008,
    month = jul,
   volume = 485,
    pages = {547-560},
      doi = {10.1051/0004-6361:20078220},
   adsurl = {http://adsabs.harvard.edu/abs/2008A%26A...485..547H},
  adsnote = {Provided by the SAO/NASA Astrophysics Data System}
}

@ARTICLE{Woitke2004,
   author = {{Woitke}, P. and {Helling}, C.},
    title = "{Dust in brown dwarfs. III. Formation and structure of quasi-static cloud layers}",
  journal = {\aap},
 keywords = {stars: atmospheres, stars: low-mass, brown dwarfs, dust, extinction, molecular processes, methods: numerical},
     year = 2004,
    month = jan,
   volume = 414,
    pages = {335-350},
      doi = {10.1051/0004-6361:20031605},
   adsurl = {http://adsabs.harvard.edu/abs/2004A%26A...414..335W},
  adsnote = {Provided by the SAO/NASA Astrophysics Data System}
}

@ARTICLE{Woitke2003,
   author = {{Woitke}, P. and {Helling}, C.},
    title = "{Dust in brown dwarfs. II. The coupled problem of dust formation and sedimentation}",
  journal = {\aap},
 keywords = {stars: atmospheres, stars: low-mass, brown dwarfs, dust, extinction, molecular processes, methods: numerical},
     year = 2003,
    month = feb,
   volume = 399,
    pages = {297-313},
      doi = {10.1051/0004-6361:20021734},
   adsurl = {http://adsabs.harvard.edu/abs/2003A%26A...399..297W},
  adsnote = {Provided by the SAO/NASA Astrophysics Data System}
}

@ARTICLE{Ludwig2002,
   author = {{Ludwig}, H.-G. and {Allard}, F. and {Hauschildt}, P.~H.},
    title = "{Numerical simulations of surface convection in a late M-dwarf}",
  journal = {\aap},
   eprint = {astro-ph/0208584},
 keywords = {convection, hydrodynamics, radiative transfer, stars: atmospheres, stars: late-type},
     year = 2002,
    month = nov,
   volume = 395,
    pages = {99-115},
      doi = {10.1051/0004-6361:20021153},
   adsurl = {http://adsabs.harvard.edu/abs/2002A%26A...395...99L},
  adsnote = {Provided by the SAO/NASA Astrophysics Data System}
}

@ARTICLE{Lee2015,
   author = {{Lee}, G. and {Helling}, C. and {Dobbs-Dixon}, I. and {Juncher}, D.
	},
    title = "{Modelling the local and global cloud formation on HD 189733b}",
  journal = {\aap},
archivePrefix = "arXiv",
   eprint = {1505.06576},
 primaryClass = "astro-ph.EP",
 keywords = {planets and satellites: individual: HD 189733b, planets and satellites: atmospheres, methods: numerical},
     year = 2015,
    month = aug,
   volume = 580,
      eid = {A12},
    pages = {A12},
      doi = {10.1051/0004-6361/201525982},
   adsurl = {http://adsabs.harvard.edu/abs/2015A%26A...580A..12L},
  adsnote = {Provided by the SAO/NASA Astrophysics Data System}
}
